@Article{Smith1996,
author={Smith, Barbara M., Brailsford, Sally C., Hubbard, Peter M., Williams, H. Paul},
title={The progressive party problem: Integer linear programming and constraint programming compared},
journal={Constraints},
year={1996},
volume={1},
number={1},
pages={119--138},
}
@article{Kalvelagen20031713,
title = {On solving the progressive party problem as a \{MIP\} },
journal = {Computers \& Operations Research },
volume = {30},
number = {11},
pages = {1713 - 1726},
year = {2003},
issn = {0305-0548},
doi = {http://dx.doi.org/10.1016/S0305-0548(02)00101-6},
url = {http://www.sciencedirect.com/science/article/pii/S0305054802001016},
author = {Erwin Kalvelagen},
keywords = {Mixed integer programming},
}
@Article{Darby-Dowman1997,
author={Darby-Dowman, Ken
and Little, James
and Mitra, Gautam
and Zaffalon, Marco},
title={Constraint Logic Programming and Integer Programming approaches and their collaboration in solving an assignment scheduling problem},
journal={Constraints},
year={1997},
volume={1},
number={3},
pages={245--264},
}
@article{Hooker1999395,
title = "Mixed logical-linear programming ",
journal = "Discrete Applied Mathematics ",
volume = "96â€“97",
number = "",
pages = "395 - 442",
year = "1999",
note = "",
issn = "0166-218X",
doi = "http://dx.doi.org/10.1016/S0166-218X(99)00100-6",
url = "http://www.sciencedirect.com/science/article/pii/S0166218X99001006",
author = "J.N. Hooker and M.A. Osorio"
}

@ONLINE {j.p.walser2016,
    author = "J. P. Walser",
    title  = "The Progressive Party Problem",
    month  = "may",
    year   = "2016",
    url    = "http://www.ps.uni-saarland.de/~walser/ppp/ppp.html"
}

@article{Williams92,
 author = {H. P. Williams},
 journal = {The Journal of the Operational Research Society},
 number = {5},
 pages = {387-393},
 publisher = {Palgrave Macmillan Journals},
 title = {The Elimination of Integer Variables},
 volume = {43},
 year = {1992}
}

@INPROCEEDINGS{Puget94ac++,
    author = {Jean-francois Puget},
    title = {A C++ implementation of CLP},
    booktitle = {},
    year = {1994}
}
@Inbook{Galinier1999,
author="Galinier, Philippe
and Hao, Jin-Kao",
editor="Vo{\ss}, Stefan
and Martello, Silvano
and Osman, Ibrahim H.
and Roucairol, Catherine",
chapter="Solving the Progressive Party Problem by Local Search",
title="Meta-Heuristics: Advances and Trends in Local Search Paradigms for Optimization",
year="1999",
publisher="Springer US",
address="Boston, MA",
pages="419--432",
isbn="978-1-4615-5775-3",
doi="10.1007/978-1-4615-5775-3_29",
url="http://dx.doi.org/10.1007/978-1-4615-5775-3_29"
}

@book{ottosson1999integration,
  title={Integration of constraint programming and integer programming for combinatorial optimization},
  author={Ottosson, Greger},
  year={1999},
  publisher={Institutionen f{\"o}r informationsteknologi, Univ.[distribut{\"o}r]}
}
@article {Kirkpatrick671,
	author = {Kirkpatrick, S. and Gelatt, C. D. and Vecchi, M. P.},
	title = {Optimization by Simulated Annealing},
	volume = {220},
	number = {4598},
	pages = {671--680},
	year = {1983},
	doi = {10.1126/science.220.4598.671},
	publisher = {American Association for the Advancement of Science},
	abstract = {There is a deep and useful connection between statistical mechanics (the behavior of systems with many degrees of freedom in thermal equilibrium at a finite temperature) and multivariate or combinatorial optimization (finding the minimum of a given function depending on many parameters). A detailed analogy with annealing in solids provides a framework for optimization of the properties of very large and complex systems. This connection to statistical mechanics exposes new information and provides an unfamiliar perspective on traditional optimization problems and methods.},
	issn = {0036-8075},
	URL = {http://science.sciencemag.org/content/220/4598/671},
	eprint = {http://science.sciencemag.org/content/220/4598/671.full.pdf},
	journal = {Science}
}
@inproceedings{Walser:1997:SLP:1867406.1867448,
 author = {Walser, Joachim P.},
 title = {Solving Linear pseudo-Boolean Constraint Problems with Local Search},
 booktitle = {Proceedings of the Fourteenth National Conference on Artificial Intelligence and Ninth Conference on Innovative Applications of Artificial Intelligence},
 series = {AAAI'97/IAAI'97},
 year = {1997},
 isbn = {0-262-51095-2},
 location = {Providence, Rhode Island},
 pages = {269--274},
 numpages = {6},
 url = {http://dl.acm.org/citation.cfm?id=1867406.1867448},
 acmid = {1867448},
 publisher = {AAAI Press},
} 